<?xml version="1.0" encoding="UTF-8"?><collection xmlns="http://www.loc.gov/MARC21/slim"><record><leader>00512nam--2200193-i-4500</leader><controlfield tag="001">000018915</controlfield><controlfield tag="002">20161230</controlfield><controlfield tag="005">20161230201032</controlfield><controlfield tag="008">060222s1000------------r-----000-0-rus-d</controlfield><datafield ind1=" " ind2=" " tag="040"><subfield code="a">IFIN-HH</subfield></datafield><datafield ind1=" " ind2=" " tag="041"><subfield code="a">rus</subfield></datafield><datafield ind1=" " ind2=" " tag="080"><subfield code="a">538.4</subfield></datafield><datafield ind1="1" ind2=" " tag="100"><subfield code="a">Vulis, L.A</subfield></datafield><datafield ind1="1" ind2="0" tag="245"><subfield code="a">Teoria i rascet magnitogazodinamiceskih tecenii v kanklah</subfield><subfield code="c">L.a. vulis, a.l. genkin, b.a. fomenko</subfield></datafield><datafield ind1=" " ind2=" " tag="260"><subfield code="a">Moskva</subfield><subfield code="b">Atomizdat</subfield><subfield code="c">1971</subfield></datafield><datafield ind1=" " ind2=" " tag="300"><subfield code="a">384P</subfield></datafield><datafield ind1="1" ind2=" " tag="700"><subfield code="a">Fomenko, B.A</subfield></datafield><datafield ind1=" " ind2=" " tag="852"><subfield code="a">36327</subfield><subfield code="c">538.4</subfield></datafield><datafield ind1=" " ind2=" " tag="CAT"><subfield code="a">Sys</subfield><subfield code="c">20110920</subfield><subfield code="h">120600</subfield></datafield></record></collection>